@article{grasselinoNinfusion, title={Unprecedented {Q}uality {F}actors at {A}ccelerating {G}radients up to 45~{MV}/m in {N}iobium {S}uperconducting {R}esonators via {L}ow {T}emperature {N}itrogen {I}nfusion}, author={Grassellino, A. and Romanenko, A. and Trenikhina, Y. and Checchin, M. and Martinello, M. and Melnychuk, O.~S. and Chandrasekaran, S. and Sergatskov, D.~A. and Posen, S. and Crawford, A.~C. and Aderhold, S. and Bice, D.}, year=2017, journal={arXiv preprint arXiv:1701.06077}}

@misc{varianValve, title={{Manuel de la vanne micro-fuite Varian M.~9515100}}, howpublished={\url{https://goo.gl/Qn4WrU}}}

@misc{pfeiffer, title={{Pfeiffer Know How sur la conductance des tubes en régime moléculaire}}, howpublished={\url{https://goo.gl/fahUzP}}}

@misc{lectureMercier, title={{Présentation pour RTVide}}, author={Mercier, Bruno}, year={2010}}

@misc{lectureGrabeski, title={{Cours de vide de Marek Grabski au CAS}}, author={Grabski, Marek}, year={2016}}

@misc{manuelJaugeCav, title={{Manuel d'utilisation de la jauge Leybold PTR90 (230072)}}, month=feb, year={2008}, howpublished={\url{https://goo.gl/SVHu8U}}}

@misc{manuelJaugeLv, title={{Manuel d'utilisation de la jauge Pfeiffer TPR~280 (PTR26950A)}}, howpublished={\url{https://goo.gl/NnJx61}}}

@misc{manuelJaugeHv, title={{Manuel d'utilisation de la jauge Pfeiffer IKR~251 (PTR25500)}},month=jan, year={2011}, howpublished={\url{https://goo.gl/nWHZHD}}}